@article{Antoniadis:1993jc,
      author         = "Antoniadis, Ignatios and Rizos, J. and Tamvakis, K.",
      title          = "{Singularity - free cosmological solutions of the
                        superstring effective action}",
      journal        = "Nucl. Phys.",
      volume         = "B415",
      year           = "1994",
      pages          = "497-514",
      doi            = "10.1016/0550-3213(94)90120-1",
      eprint         = "hep-th/9305025",
      archivePrefix  = "arXiv",
      primaryClass   = "hep-th",
      reportNumber   = "CPTH-A239-0593",
      SLACcitation   = "%%CITATION = HEP-TH/9305025;%%"
}

@article{Belinsky:1970ew,
      author         = "Belinsky, V. A. and Khalatnikov, I. M. and Lifshitz, E.
                        M.",
      title          = "{Oscillatory approach to a singular point in the
                        relativistic cosmology}",
      journal        = "Adv. Phys.",
      volume         = "19",
      year           = "1970",
      pages          = "525-573",
      doi            = "10.1080/00018737000101171",
      SLACcitation   = "%%CITATION = ADPHA,19,525;%%"
}

@article{Takahashi:2016dnv,
      author         = "Takahashi, Kazufumi and Suyama, Teruaki",
      title          = "{Linear perturbation analysis of hairy black holes in
                        shift-symmetric Horndeski theories: Odd-parity
                        perturbations}",
      journal        = "Phys. Rev.",
      volume         = "D95",
      year           = "2017",
      number         = "2",
      pages          = "024034",
      doi            = "10.1103/PhysRevD.95.024034",
      eprint         = "1610.00432",
      archivePrefix  = "arXiv",
      primaryClass   = "gr-qc",
      reportNumber   = "RESCEU-30-16",
      SLACcitation   = "%%CITATION = ARXIV:1610.00432;%%"
}

@article{Ogawa:2015pea,
      author         = "Ogawa, Hiromu and Kobayashi, Tsutomu and Suyama, Teruaki",
      title          = "{Instability of hairy black holes in shift-symmetric
                        Horndeski theories}",
      journal        = "Phys. Rev.",
      volume         = "D93",
      year           = "2016",
      number         = "6",
      pages          = "064078",
      doi            = "10.1103/PhysRevD.93.064078",
      eprint         = "1510.07400",
      archivePrefix  = "arXiv",
      primaryClass   = "gr-qc",
      reportNumber   = "RUP-15-22, RESCEU-27-15",
      SLACcitation   = "%%CITATION = ARXIV:1510.07400;%%"
}

@article{Mukhanov:1990me,
      author         = "Mukhanov, Viatcheslav F. and Feldman, H. A. and
                        Brandenberger, Robert H.",
      title          = "{Theory of cosmological perturbations. Part 1. Classical
                        perturbations. Part 2. Quantum theory of perturbations.
                        Part 3. Extensions}",
      journal        = "Phys. Rept.",
      volume         = "215",
      year           = "1992",
      pages          = "203-333",
      doi            = "10.1016/0370-1573(92)90044-Z",
      reportNumber   = "BROWN-HET-796, BROWN-HET-800, BROWN-HET-780",
      SLACcitation   = "%%CITATION = PRPLC,215,203;%%"
}

@article{Kodama:1985bj,
      author         = "Kodama, Hideo and Sasaki, Misao",
      title          = "{Cosmological Perturbation Theory}",
      journal        = "Prog. Theor. Phys. Suppl.",
      volume         = "78",
      year           = "1984",
      pages          = "1-166",
      doi            = "10.1143/PTPS.78.1",
      SLACcitation   = "%%CITATION = PTPSA,78,1;%%"
}

@article{Bardeen:1980kt,
      author         = "Bardeen, James M.",
      title          = "{Gauge Invariant Cosmological Perturbations}",
      journal        = "Phys. Rev.",
      volume         = "D22",
      year           = "1980",
      pages          = "1882-1905",
      doi            = "10.1103/PhysRevD.22.1882",
      SLACcitation   = "%%CITATION = PHRVA,D22,1882;%%"
}

@mastersthesis{Sberna:2017nzp,
	author         = "Sberna, Laura",
	title          = "{Early-universe cosmology in Einstein-scalar-Gauss-Bonnet
	gravity}",
	url            = "https://inspirehep.net/record/1614305/files/arXiv:1708.01150.pdf",
	year           = "2017",
	eprint         = "1708.01150",
	archivePrefix  = "arXiv",
	primaryClass   = "gr-qc",
	SLACcitation   = "%%CITATION = ARXIV:1708.01150;%%"
}

@article{Woodard:2006nt,
      author         = "Woodard, Richard P.",
      title          = "{Avoiding dark energy with 1/r modifications of gravity}",
      journal        = "Lect.Notes Phys.",
      volume         = "720",
      pages          = "403-433",
      doi            = "10.1007/978-3-540-71013-4_14",
      year           = "2007",
      eprint         = "astro-ph/0601672",
      archivePrefix  = "arXiv",
      primaryClass   = "astro-ph",
      reportNumber   = "UFIFT-QG-06-02",
      SLACcitation   = "%%CITATION = ASTRO-PH/0601672;%%",
}

@article{Gross:1986mw,
      author         = "Gross, David J. and Sloan, John H.",
      title          = "{The Quartic Effective Action for the Heterotic String}",
      journal        = "Nucl.Phys.",
      volume         = "B291",
      pages          = "41-89",
      doi            = "10.1016/0550-3213(87)90465-2",
      year           = "1987",
      reportNumber   = "NSF-ITP-87-02",
      SLACcitation   = "%%CITATION = NUPHA,B291,41;%%",
}


@article{Clifton:2011jh,
      author         = "Clifton, Timothy and Ferreira, Pedro G. and Padilla,
                        Antonio and Skordis, Constantinos",
      title          = "{Modified Gravity and Cosmology}",
      journal        = "Phys. Rept.",
      volume         = "513",
      year           = "2012",
      pages          = "1-189",
      doi            = "10.1016/j.physrep.2012.01.001",
      eprint         = "1106.2476",
      archivePrefix  = "arXiv",
      primaryClass   = "astro-ph.CO",
      SLACcitation   = "%%CITATION = ARXIV:1106.2476;%%"
}

@article{Berti:2015itd,
      author         = "Berti, Emanuele and others",
      title          = "{Testing General Relativity with Present and Future
                        Astrophysical Observations}",
      journal        = "Class. Quant. Grav.",
      volume         = "32",
      year           = "2015",
      pages          = "243001",
      doi            = "10.1088/0264-9381/32/24/243001",
      eprint         = "1501.07274",
      archivePrefix  = "arXiv",
      primaryClass   = "gr-qc",
      SLACcitation   = "%%CITATION = ARXIV:1501.07274;%%"
}

@book{HawkingEllis,
author = "Hawking, Stephen and Ellis, G. F. R.",
title = {The Large Scale Structure of Space-Time}, 
publisher = {Cambridge University Press}, 
year = {1973},
isbn = {0-521-09906-4}
}

@article{Kanti:1998jd,
      author         = "Kanti, P. and Rizos, J. and Tamvakis, K.",
      title          = "{Singularity free cosmological solutions in quadratic
                        gravity}",
      journal        = "Phys. Rev.",
      volume         = "D59",
      year           = "1999",
      pages          = "083512",
      doi            = "10.1103/PhysRevD.59.083512",
      eprint         = "gr-qc/9806085",
      archivePrefix  = "arXiv",
      primaryClass   = "gr-qc",
      SLACcitation   = "%%CITATION = GR-QC/9806085;%%"
}


@article{Banados:2010ix,
      author         = "Banados, Maximo and Ferreira, Pedro G.",
      title          = "{Eddington's theory of gravity and its progeny}",
      journal        = "Phys. Rev. Lett.",
      volume         = "105",
      year           = "2010",
      pages          = "011101",
      doi            = "10.1103/PhysRevLett.105.011101,
                        10.1103/PhysRevLett.113.119901",
      note           = "[Erratum: Phys. Rev. Lett.113,no.11,119901(2014)]",
      eprint         = "1006.1769",
      archivePrefix  = "arXiv",
      primaryClass   = "astro-ph.CO",
      SLACcitation   = "%%CITATION = ARXIV:1006.1769;%%"
}



@article{Kanti:2015dra,
      author         = "Kanti, Panagiota and Gannouji, Radouane and Dadhich,
                        Naresh",
      title          = "{Early-time cosmological solutions in
                        Einstein-scalar-Gauss-Bonnet theory}",
      journal        = "Phys. Rev.",
      volume         = "D92",
      year           = "2015",
      number         = "8",
      pages          = "083524",
      doi            = "10.1103/PhysRevD.92.083524",
      eprint         = "1506.04667",
      archivePrefix  = "arXiv",
      primaryClass   = "hep-th",
      SLACcitation   = "%%CITATION = ARXIV:1506.04667;%%"
}

@article{Penrose:1965i,
  title = {Gravitational Collapse and Space-Time Singularities},
  author = {Penrose, Roger},
  journal = {Phys. Rev. Lett.},
  volume = {14},
  issue = {3},
  pages = {57--59},
  numpages = {0},
  year = {1965},
  month = {Jan},
  publisher = {American Physical Society},
  doi = {10.1103/PhysRevLett.14.57},
  url = {http://link.aps.org/doi/10.1103/PhysRevLett.14.57}
}

@article{Borde:2003,
  title = {Inflationary Spacetimes Are Incomplete in Past Directions},
  author = {Borde, Arvind and Guth, Alan H. and Vilenkin, Alexander},
  journal = {Phys. Rev. Lett.},
  volume = {90},
  issue = {15},
  pages = {151301},
  numpages = {4},
  year = {2003},
  month = {Apr},
  publisher = {American Physical Society},
  doi = {10.1103/PhysRevLett.90.151301},
  url = {http://link.aps.org/doi/10.1103/PhysRevLett.90.151301}
}

@article{2016arXiv160601147H,
   author = {{het Lam}, H. and {Prokopec}, T.},
    title = "{Singularities in FLRW Spacetimes}",
  journal = {ArXiv e-prints},
archivePrefix = "arXiv",
   eprint = {1606.01147},
 primaryClass = "gr-qc",
 keywords = {General Relativity and Quantum Cosmology},
     year = 2016,
    month = jun,
   adsurl = {http://adsabs.harvard.edu/abs/2016arXiv160601147H},
  adsnote = {Provided by the SAO/NASA Astrophysics Data System}
}

@article{Ade:2015xua,
      author         = "Ade, P. A. R. and others",
      title          = "{Planck 2015 results. XIII. Cosmological parameters}",
      collaboration  = "Planck",
      journal        = "Astron. Astrophys.",
      volume         = "594",
      year           = "2016",
      pages          = "A13",
      doi            = "10.1051/0004-6361/201525830",
      eprint         = "1502.01589",
      archivePrefix  = "arXiv",
      primaryClass   = "astro-ph.CO",
      SLACcitation   = "%%CITATION = ARXIV:1502.01589;%%"
}

@article{Ijjas:2016vtq,
      author         = "Ijjas, Anna and Steinhardt, Paul J.",
      title          = "{Fully stable cosmological solutions with a non-singular
                        classical bounce}",
      journal        = "Phys. Lett.",
      volume         = "B764",
      year           = "2017",
      pages          = "289-294",
      doi            = "10.1016/j.physletb.2016.11.047",
      eprint         = "1609.01253",
      archivePrefix  = "arXiv",
      primaryClass   = "gr-qc",
      SLACcitation   = "%%CITATION = ARXIV:1609.01253;%%"
}

@article{Ijjas:2016tpn,
      author         = "Ijjas, Anna and Steinhardt, Paul J.",
      title          = "{Classically stable nonsingular cosmological bounces}",
      journal        = "Phys. Rev. Lett.",
      volume         = "117",
      year           = "2016",
      number         = "12",
      pages          = "121304",
      doi            = "10.1103/PhysRevLett.117.121304",
      eprint         = "1606.08880",
      archivePrefix  = "arXiv",
      primaryClass   = "gr-qc",
      SLACcitation   = "%%CITATION = ARXIV:1606.08880;%%"
}

@article{Gielen:2015uaa,
      author         = "Gielen, Steffen and Turok, Neil",
      title          = "{Perfect Quantum Cosmological Bounce}",
      journal        = "Phys. Rev. Lett.",
      volume         = "117",
      year           = "2016",
      number         = "2",
      pages          = "021301",
      doi            = "10.1103/PhysRevLett.117.021301",
      eprint         = "1510.00699",
      archivePrefix  = "arXiv",
      primaryClass   = "hep-th",
      reportNumber   = "IMPERIAL-TP-2015-SG-2",
      SLACcitation   = "%%CITATION = ARXIV:1510.00699;%%"
}

@article{Rubakov:2014jja,
      author         = "Rubakov, V. A.",
      title          = "{The Null Energy Condition and its violation}",
      journal        = "Phys. Usp.",
      volume         = "57",
      year           = "2014",
      pages          = "128-142",
      doi            = "10.3367/UFNe.0184.201402b.0137",
      note           = "[Usp. Fiz. Nauk184,no.2,137(2014)]",
      eprint         = "1401.4024",
      archivePrefix  = "arXiv",
      primaryClass   = "hep-th",
      reportNumber   = "INR-TH-2014-1",
      SLACcitation   = "%%CITATION = ARXIV:1401.4024;%%"
}


@article{Kanti:2015pda,
      author         = "Kanti, Panagiota and Gannouji, Radouane and Dadhich,
                        Naresh",
      title          = "{Gauss-Bonnet Inflation}",
      journal        = "Phys. Rev.",
      volume         = "D92",
      year           = "2015",
      number         = "4",
      pages          = "041302",
      doi            = "10.1103/PhysRevD.92.041302",
      eprint         = "1503.01579",
      archivePrefix  = "arXiv",
      primaryClass   = "hep-th",
      SLACcitation   = "%%CITATION = ARXIV:1503.01579;%%"
}

@article{Rizos:1993rt,
      author         = "Rizos, J. and Tamvakis, K.",
      title          = "{On the existence of singularity free solutions in
                        quadratic gravity}",
      journal        = "Phys. Lett.",
      volume         = "B326",
      year           = "1994",
      pages          = "57-61",
      doi            = "10.1016/0370-2693(94)91192-4",
      eprint         = "gr-qc/9401023",
      archivePrefix  = "arXiv",
      primaryClass   = "gr-qc",
      reportNumber   = "IOA-296",
      SLACcitation   = "%%CITATION = GR-QC/9401023;%%"
}



@article{Easther:1996yd,
      author         = "Easther, Richard and Maeda, Kei-ichi",
      title          = "{One loop superstring cosmology and the nonsingular
                        universe}",
      journal        = "Phys. Rev.",
      volume         = "D54",
      year           = "1996",
      pages          = "7252-7260",
      doi            = "10.1103/PhysRevD.54.7252",
      eprint         = "hep-th/9605173",
      archivePrefix  = "arXiv",
      primaryClass   = "hep-th",
      reportNumber   = "WU-AP-58-96",
      SLACcitation   = "%%CITATION = HEP-TH/9605173;%%"
}

@article{Kawai:1998ab,
      author         = "Kawai, Shinsuke and Sakagami, Masa-aki and Soda, Jiro",
      title          = "{Instability of one loop superstring cosmology}",
      journal        = "Phys. Lett.",
      volume         = "B437",
      year           = "1998",
      pages          = "284-290",
      doi            = "10.1016/S0370-2693(98)00925-3",
      eprint         = "gr-qc/9802033",
      archivePrefix  = "arXiv",
      primaryClass   = "gr-qc",
      reportNumber   = "KUCP-0114",
      SLACcitation   = "%%CITATION = GR-QC/9802033;%%"
}

@inproceedings{Soda:1998tr,
      author         = "Soda, Jiro and Sakagami, Masa-aki and Kawai, Shinsuke",
      title          = "{Novel instability in superstring cosmology}",
      booktitle      = "{Current topics in mathematical cosmology. Proceedings,
                        International Seminar, ISMC'98, Potsdam, Germany, March
                        30-April 4, 1998}",
      url            = "http://alice.cern.ch/format/showfull?sysnb=0285207",
      year           = "1998",
      pages          = "302-309",
      eprint         = "gr-qc/9807056",
      archivePrefix  = "arXiv",
      primaryClass   = "gr-qc",
      SLACcitation   = "%%CITATION = GR-QC/9807056;%%"
}

@inproceedings{Kawai:1997mf,
      author         = "Kawai, Shinsuke and Sakagami, Masa-aki and Soda, Jiro",
      title          = "{Perturbative analysis of nonsingular cosmological
                        model}",
      booktitle      = "{Proceedings, 7th Workshop on General Relativity and
                        Gravitation (JGRG7): Kyoto, Japan, October 27-30, 1997}",
      url            = "http://alice.cern.ch/format/showfull?sysnb=0302904",
      year           = "1997",
      eprint         = "gr-qc/9901065",
      archivePrefix  = "arXiv",
      primaryClass   = "gr-qc",
      SLACcitation   = "%%CITATION = GR-QC/9901065;%%"
}

@article{MolinaParis:1998tx,
	author         = "Molina-Paris, Carmen and Visser, Matt",
	title          = "{Minimal conditions for the creation of a
	Friedman-Robertson-Walker universe from a 'bounce'}",
	journal        = "Phys. Lett.",
	volume         = "B455",
	year           = "1999",
	pages          = "90-95",
	doi            = "10.1016/S0370-2693(99)00469-4",
	eprint         = "gr-qc/9810023",
	archivePrefix  = "arXiv",
	primaryClass   = "gr-qc",
	SLACcitation   = "%%CITATION = GR-QC/9810023;%%"
}

@article{Novello:2008ra,
	author         = "Novello, M. and Bergliaffa, S. E. Perez",
	title          = "{Bouncing Cosmologies}",
	journal        = "Phys. Rept.",
	volume         = "463",
	year           = "2008",
	pages          = "127-213",
	doi            = "10.1016/j.physrep.2008.04.006",
	eprint         = "0802.1634",
	archivePrefix  = "arXiv",
	primaryClass   = "astro-ph",
	SLACcitation   = "%%CITATION = ARXIV:0802.1634;%%"
}
